<?xml version="1.0" encoding="UTF-8"?><collection xmlns="http://www.loc.gov/MARC21/slim"><record><leader>00603nam--2200181-i-4500</leader><controlfield tag="001">000010475</controlfield><controlfield tag="002">20161230</controlfield><controlfield tag="005">20161230201028</controlfield><controlfield tag="008">060222s1000------------r-----000-0-eng-d</controlfield><datafield ind1=" " ind2=" " tag="040"><subfield code="a">IFIN-HH</subfield></datafield><datafield ind1=" " ind2=" " tag="080"><subfield code="a">389.6(047.3):53.081(047.3)</subfield></datafield><datafield ind1="1" ind2=" " tag="100"><subfield code="a">Lide, David R</subfield></datafield><datafield ind1="1" ind2="0" tag="245"><subfield code="a">Critical evaluation of data in the physical sciences a status report on the national standard reference data system, june 1970</subfield><subfield code="c">David r. lide (ed.)</subfield></datafield><datafield ind1=" " ind2=" " tag="260"><subfield code="a">Washington</subfield><subfield code="b">U.S.Govemment Printing Office</subfield><subfield code="c">1970</subfield></datafield><datafield ind1=" " ind2=" " tag="300"><subfield code="a">IV+73P</subfield></datafield><datafield ind1=" " ind2=" " tag="490"><subfield code="a">Nbs Techncal Note 553</subfield></datafield><datafield ind1=" " ind2=" " tag="852"><subfield code="a">36301</subfield><subfield code="c">53.081</subfield></datafield><datafield ind1=" " ind2=" " tag="CAT"><subfield code="a">Sys</subfield><subfield code="c">20160330</subfield><subfield code="h">102001</subfield></datafield></record></collection>